
 
 @article{wang2016does,
 	title={Where does AlphaGo go: From church-turing thesis to AlphaGo thesis and beyond},
 	author={Wang, Fei-Yue and Zhang, Jun Jason and Zheng, Xinhu and Wang, Xiao and Yuan, Yong and Dai, Xiaoxiao and Zhang, Jie and Yang, Liuqing},
 	journal={IEEE/CAA Journal of Automatica Sinica},
 	volume={3},
 	number={2},
 	pages={113--120},
 	year={2016},
 	publisher={IEEE}
 }
 

@article{chen2016evolution,
	title={The evolution of computing: AlphaGo},
	author={Chen, Jim X},
	journal={Computing in Science \& Engineering},
	volume={18},
	number={4},
	pages={4},
	year={2016},
	publisher={IEEE Computer Society}
}
